@Online{Juliadevelopers2018,
  author = {the Julia developers},
  month  = aug,
  title  = {Julia 1.0 正式发布},
  url    = {https://julialang.org/blog/2018/08/one-point-zero-zh_cn/},
  year   = {2018},
}

@Misc{Julia2023,
  author       = {Julia中文社区},
  howpublished = {[EB/OL]},
  title        = {Julia 1.7 中文文档},
  year         = {2023},
  url          = {https://docs.juliacn.com/latest},
}

@Comment{jabref-meta: databaseType:bibtex;}
